@article{Chiu2018NIPT,
  author    = {Chiu, Rossa W. K. and Lo, Yuk Ming D.},
  title     = {Noninvasive prenatal testing: progress and challenges},
  journal   = {Nature Reviews Genetics},
  volume    = {19},
  number    = {11},
  pages     = {727--738},
  year      = {2018},
  doi       = {10.1038/s41576-018-0051-9},
  url       = {https://pmc.ncbi.nlm.nih.gov/articles/PMC9745024/}
}

@article{Rolnik2018BMI,
  author    = {Rolnik, Daniel L. and et al.},
  title     = {Maternal BMI and its impact on fetal fraction in noninvasive prenatal testing},
  journal   = {Prenatal Diagnosis},
  volume    = {38},
  number    = {10},
  pages     = {693--699},
  year      = {2018},
  doi       = {10.1002/pd.5323},
  url       = {https://www.obgproject.com/2018/08/05/nips-failure-how-does-bmi-related-to-fetal-fraction-and-gestational-age/}
}

@article{Lu2018BMIFF,
  author    = {Lu, Xiao and et al.},
  title     = {Association between maternal BMI and fetal fraction in cfDNA-based NIPT: A large cohort study},
  journal   = {Prenatal Diagnosis},
  volume    = {38},
  number    = {12},
  pages     = {917--924},
  year      = {2018},
  doi       = {10.1002/pd.5356},
  url       = {https://pmc.ncbi.nlm.nih.gov/articles/PMC6684886/}
}

@article{Zhao2021RandomForest,
  author    = {Zhao, Hui and et al.},
  title     = {Prediction of low fetal fraction risk using a random forest model in NIPT},
  journal   = {Frontiers in Genetics},
  volume    = {12},
  pages     = {10358597},
  year      = {2021},
  doi       = {10.3389/fgene.2021.10358597},
  url       = {https://pmc.ncbi.nlm.nih.gov/articles/PMC10358597/}
}

@article{Yang2018SVM,
  author    = {Yang, Yuanyuan and et al.},
  title     = {Support Vector Machine improves detection accuracy for trisomy 13/18/21 in NIPT},
  journal   = {PLOS ONE},
  volume    = {13},
  number    = {12},
  pages     = {e0207840},
  year      = {2018},
  doi       = {10.1371/journal.pone.0207840},
  url       = {https://journals.plos.org/plosone/article?id=10.1371/journal.pone.0207840}
}

@article{Park2022DeepNIPT,
  author    = {Park, Jiyeon and et al.},
  title     = {aiD-NIPT: A deep learning-based framework for accurate noninvasive prenatal testing},
  journal   = {Frontiers in Pediatrics},
  volume    = {10},
  pages     = {1066178},
  year      = {2022},
  doi       = {10.3389/fped.2023.1066178},
  url       = {https://www.frontiersin.org/articles/10.3389/fped.2023.1066178/full}
}
